<collection xmlns="http://www.loc.gov/MARC21/slim">
<record>
  <leader>01814nam0a2200277 i 450 </leader>
  <controlfield tag="001">IT\ICCU\CNCE\030470</controlfield>
  <controlfield tag="005">20051021000000.0</controlfield>
  <datafield tag="012" ind1=" " ind2=" ">
    <subfield code="a">e.o- 1.5. l.o- ueft (3) 1570 (R)</subfield>
    <subfield code="2">fei</subfield>
  </datafield>
  <datafield tag="100" ind1=" " ind2=" ">
    <subfield code="a">19971127d1570        0itac0103    ba</subfield>
  </datafield>
  <datafield tag="101" ind1=" " ind2=" ">
    <subfield code="a">LAT</subfield>
  </datafield>
  <datafield tag="102" ind1=" " ind2=" ">
    <subfield code="a">IT</subfield>
  </datafield>
  <datafield tag="200" ind1="1" ind2=" ">
    <subfield code="a">Selecti tractatus iuris varii, vere aurei, in frequentissima &amp; vtilissima materia assecurationis et cautionis diuersorum clarissimorum v. i. luminum veterum &amp; recentium: iura pignorum et hypotecarum, fideiussionum, excussionum, arrestationum, repressaliarum, assecurationum, sequestratiorum, cessionum, et quae eiusdem generis sunt omnia, exactissime complectentes. Quorum catalogum sequens uersa pagina docebit. In studiosorum ac praticorum iuris gratiam simul in vnum quasi corpus collecti, &amp; emendatius multo, quam ante unquam, editi. Cum summariis &amp; indice copiosissimo</subfield>
  </datafield>
  <datafield tag="210" ind1=" " ind2=" ">
    <subfield code="a">Venetiis</subfield>
    <subfield code="c">ad candentis Salamandrae insigne</subfield>
    <subfield code="d">1570</subfield>
    <subfield code="e">Venetijs</subfield>
    <subfield code="h">1570</subfield>
  </datafield>
  <datafield tag="215" ind1=" " ind2=" ">
    <subfield code="a">\44!, 581, \3! p.</subfield>
    <subfield code="d">fol</subfield>
  </datafield>
  <datafield tag="620" ind1=" " ind2=" ">
    <subfield code="a">IT</subfield>
    <subfield code="d">Venezia</subfield>
  </datafield>
  <datafield tag="712" ind1="0" ind2="0">
    <subfield code="a">Zenaro, Damiano</subfield>
    <subfield code="3">IT\ICCU\CNCT\000294</subfield>
    <subfield code="4">650</subfield>
  </datafield>
  <datafield tag="791" ind1="0" ind2="2">
    <subfield code="a">℗al segno della ℗Salamandra</subfield>
    <subfield code="c"> &lt;1563-1600&gt;</subfield>
    <subfield code="3">IT\ICCU\CNCT\002327</subfield>
    <subfield code="z">Zenaro, Damiano</subfield>
  </datafield>
  <datafield tag="791" ind1="0" ind2="0">
    <subfield code="a">Genarus, Damianus</subfield>
    <subfield code="3">IT\ICCU\CNCT\002957</subfield>
    <subfield code="z">Zenaro, Damiano</subfield>
  </datafield>
  <datafield tag="791" ind1="0" ind2="0">
    <subfield code="a">Zenarus, Damianus</subfield>
    <subfield code="3">IT\ICCU\CNCT\005823</subfield>
    <subfield code="z">Zenaro, Damiano</subfield>
  </datafield>
  <datafield tag="791" ind1="0" ind2="0">
    <subfield code="a">Zenarius, Damianus</subfield>
    <subfield code="3">IT\ICCU\CNCT\005824</subfield>
    <subfield code="z">Zenaro, Damiano</subfield>
  </datafield>
  <datafield tag="801" ind1=" " ind2="3">
    <subfield code="a">IT</subfield>
    <subfield code="b">ICCU</subfield>
    <subfield code="c">20201114</subfield>
  </datafield>
  <datafield tag="899" ind1=" " ind2=" ">
    <subfield code="a">Biblioteca comunale Francesco Cini. Osimo</subfield>
    <subfield code="1">AN0054</subfield>
    <subfield code="2">URB B2</subfield>
  </datafield>
  <datafield tag="899" ind1=" " ind2=" ">
    <subfield code="a">Biblioteca Mansutti. Milano</subfield>
    <subfield code="1">MI1179</subfield>
    <subfield code="2">LO1 89</subfield>
  </datafield>
  <datafield tag="899" ind1=" " ind2=" ">
    <subfield code="a">Biblioteca Diocesana Vigilianum. Trento</subfield>
    <subfield code="1">TN0132</subfield>
    <subfield code="2">ZTN 10</subfield>
  </datafield>
  <datafield tag="911" ind1=" " ind2=" ">
    <subfield code="a">Sul front.</subfield>
    <subfield code="9">IT\ICCU\CNCM\001453</subfield>
  </datafield>
  <datafield tag="921" ind1=" " ind2=" ">
    <subfield code="a">IT\ICCU\CNCM\001453</subfield>
    <subfield code="b">Salamandra coronata tra le fiamme. In cornice figurata</subfield>
    <subfield code="e">Virtuti sic cedit invidia</subfield>
    <subfield code="c">U390</subfield>
    <subfield code="d">Dimensioni: 12 x 11</subfield>
    <subfield code="f">VIRTUTISIC</subfield>
    <subfield code="f">SALAMANDRA</subfield>
    <subfield code="g">1569-1592</subfield>
  </datafield>
</record>
</collection>
